@article{exampleref,
  author = {Jim Davies},
  title = {{Preparing an MSc Project Proposal}},
  journal = {What Project? Monthly},
  publisher = {Random House},
  year = {2009}
}


